<?xml version="1.0" encoding="UTF-8"?>
<collection xmlns:xsi="http://www.w3.org/2001/XMLSchema-instance" xsi:schemaLocation="http://www.loc.gov/MARC21/slim http://www.loc.gov/standards/marcxml/schema/MARC21slim.xsd" xmlns="http://www.loc.gov/MARC21/slim">
<record>
  <leader>01433cam a22003251a 4500</leader>
  <controlfield tag="001">2982251</controlfield>
  <controlfield tag="003">NNC</controlfield>
  <controlfield tag="005">20150817132402.0</controlfield>
  <controlfield tag="008">881028s1967    iq h     b    000 0 arax </controlfield>
  <datafield tag="010" ind1=" " ind2=" ">
    <subfield code="a">NE 68001420 </subfield>
  </datafield>
  <datafield tag="035" ind1=" " ind2=" ">
    <subfield code="a">(OCoLC)23487040</subfield>
  </datafield>
  <datafield tag="035" ind1=" " ind2=" ">
    <subfield code="a">(OCoLC)ocm23487040</subfield>
  </datafield>
  <datafield tag="035" ind1=" " ind2=" ">
    <subfield code="9">ASM9394CU</subfield>
  </datafield>
  <datafield tag="035" ind1=" " ind2=" ">
    <subfield code="a">(NNC)2982251</subfield>
  </datafield>
  <datafield tag="040" ind1=" " ind2=" ">
    <subfield code="c">NN</subfield>
    <subfield code="d">NN</subfield>
    <subfield code="d">NNU</subfield>
    <subfield code="d">UkOxU</subfield>
  </datafield>
  <datafield tag="050" ind1="0" ind2=" ">
    <subfield code="a">PJ7760.S48</subfield>
    <subfield code="b">A6 1967</subfield>
  </datafield>
  <datafield tag="066" ind1=" " ind2=" ">
    <subfield code="c">(3</subfield>
  </datafield>
  <datafield tag="090" ind1=" " ind2=" ">
    <subfield code="a">Arab.</subfield>
    <subfield code="b">d.3462</subfield>
  </datafield>
  <datafield tag="100" ind1="1" ind2=" ">
    <subfield code="6">880-01</subfield>
    <subfield code="a">Shābb al-Ẓarīf, Muḥammad ibn Sulaymān,</subfield>
    <subfield code="d">1263-1289.</subfield>
  </datafield>
  <datafield tag="245" ind1="1" ind2="0">
    <subfield code="6">880-02</subfield>
    <subfield code="a">Dīwān al-Shābb al-Ẓarīf Shams al-Dīn Muḥammad ibn ʻAfīf al-Dīn Sulaymān al-Tilimsānī /</subfield>
    <subfield code="c">ḥaqqaqahu wa-aʻadda takmilatahu wa-fassara alfāẓahu Shākir Hādī Shukr.</subfield>
  </datafield>
  <datafield tag="260" ind1=" " ind2=" ">
    <subfield code="6">880-03</subfield>
    <subfield code="a">al-Najaf :</subfield>
    <subfield code="b">Maṭbaʻat al-Najaf,</subfield>
    <subfield code="c">1967.</subfield>
  </datafield>
  <datafield tag="300" ind1=" " ind2=" ">
    <subfield code="a">302 p. :</subfield>
    <subfield code="b">facsims. ;</subfield>
    <subfield code="c">25 cm.</subfield>
  </datafield>
  <datafield tag="504" ind1=" " ind2=" ">
    <subfield code="a">Bibliography: p. 297-300.</subfield>
  </datafield>
  <datafield tag="700" ind1="1" ind2=" ">
    <subfield code="6">880-04</subfield>
    <subfield code="a">Shukr, Shākir Hādī.</subfield>
  </datafield>
  <datafield tag="880" ind1="1" ind2=" ">
    <subfield code="6">100-01/(3/r</subfield>
    <subfield code="a">شاب الظريف، محمد بن سليمان,</subfield>
    <subfield code="d">1263-1289.</subfield>
  </datafield>
  <datafield tag="880" ind1="1" ind2="0">
    <subfield code="6">245-02/(3/r</subfield>
    <subfield code="a">ديوان الشاب الظريف شمس الدين محمد بن عفيف الدين سليمان التلمساني /</subfield>
    <subfield code="c">حققه وأعد تكملته وفسر ألفاظه شاكر هادي شكر.</subfield>
  </datafield>
  <datafield tag="880" ind1=" " ind2=" ">
    <subfield code="6">260-03/(3/r</subfield>
    <subfield code="a">النجف :</subfield>
    <subfield code="b">مطبعة النجف،</subfield>
    <subfield code="c">١٩٦٧.</subfield>
  </datafield>
  <datafield tag="880" ind1="1" ind2=" ">
    <subfield code="6">700-04/(3/r</subfield>
    <subfield code="a">شكر، شاكر هادي.</subfield>
  </datafield>
  <datafield tag="955" ind1=" " ind2=" ">
    <subfield code="b">0036761443</subfield>
    <subfield code="d">glx</subfield>
    <subfield code="e">PJ7760.S48 A6 1967</subfield>
  </datafield>
</record>
</collection>